@online{guisanhistorischeslexikon,
    author = "Hervé de Weck",
    title = "Guisan, Henri",
    url  = "http://www.hls-dhs-dss.ch/textes/d/D19083.php",
    addendum = "(accessed: 19.04.2019)",
    createdOn = "22. März 2007",
    year = 2007
}

@online{guisanwatson,
    author = "Peter Blunschi",
    title = "Ein «Preusse» als General, ein tiefer Röstigraben und der erste Generalstreik",
    url  = "https://www.watson.ch/wissen/schweiz/783016562-ein-preusse-als-general-ein-tiefer-roestigraben-und-der-erste-generalstreik",
    addendum = "(accessed: 09.05.2019)",
    createdOn = "24. August 2014",
    year = 2014
}

@online{pfyfferhistorischeslexikon,
    author = "Markus Lischer",
    title = "Max AlphonsPfyffer von Altishofen",
    url  = "https://hls-dhs-dss.ch/de/articles/024142/2011-11-02/",
    addendum = "(accessed: 15.05.2019)",
    createdOn = "02. Februar 2011",
    year = 2011
}

@online{patrizischeortehistorischeslexikon,
    author = "Anne-Marie Dubler",
    title = "Patrizische Orte",
    url  = "https://hls-dhs-dss.ch/de/articles/026422/2010-09-27/",
    addendum = "(accessed: 15.05.2019)",
    createdOn = "27. September 2010",
    year = 2010
}

@online{patriziathistorischeslexikon,
    author = "Daniel Schläppi",
    title = "Patriziat",
    url  = "https://hls-dhs-dss.ch/de/articles/016374/2010-09-27/",
    addendum = "(accessed: 15.05.2019)",
    createdOn = "27. September 2010",
    year = 2010
}

@online{familiepfyfferwikipedia,
    author = "Wikipedia",
    title = "Pfyffer von Altishofen",
    url  = "https://de.wikipedia.org/wiki/Pfyffer_von_Altishofen",
    addendum = "(accessed: 27.05.2019)",
    createdOn = "17. März 2017",
    year = 2017
}

@online{grandhotelkulturgut,
    author = "Unbekannt",
    title = "Schweizerisches Inventar der Kulturgüter von nationaler Bedeutung",
    url  = "https://web.archive.org/web/20150712194406/http://www.bevoelkerungsschutz.admin.ch/internet/bs/de/home/themen/kgs/kgs_inventar/a-objekte.parsys.000114.DownloadFile.tmp/lu2013.pdf",
    addendum = "(accessed: 27.05.2019)",
    createdOn = "12. Juli 2015",
    year = 2018
}

@online{adolfgermannhistorischeslexikon,
    author = "André Salathé",
    title = "Adolf Germann",
    url  = "https://hls-dhs-dss.ch/de/articles/004062/2005-08-29/",
    addendum = "(accessed: 15.05.2019)",
    createdOn = "29. August 2005",
    year = 2005
}

@online{germannhistorischeslexikon,
    author = "Hans Senn",
    title = "Oscar Adolf Germann",
    url  = "https://hls-dhs-dss.ch/de/articles/023712/2006-12-08/",
    addendum = "(accessed: 15.05.2019)",
    createdOn = "08. Dezember 2006",
    year = 2006
}

@online{germannpersonenlexikon,
    author = "Roman Seifert",
    title = "Oscar Germann",
    url  = "https://personenlexikon.bl.ch/Oscar_Germann",
    addendum = "(accessed: 15.05.2019)",
    createdOn = "Unbekannt"
}

@online{gonardwikipedia,
    author = "Wikipedia",
    title = "Samuel Gonard",
    url  = "https://de.wikipedia.org/wiki/Samuel_Gonard",
    addendum = "(accessed: 15.05.2019)",
    createdOn = "08. Mai 2019",
    year = 2019
}

@online{gonardhistorischeslexikon,
    author = "Marco Jorio",
    title = "Samuel Gonard",
    url  = "https://hls-dhs-dss.ch/de/articles/003229/2005-09-09/",
    addendum = "(accessed: 15.05.2019)",
    createdOn = "08. September 2005",
    year = 2005
}

@online{festungvitznau,
    author = "Verein Festung Vitznau",
    title = "Festung Vitznau - Geschichte und Fakten",
    url  = "http://www.festung-vitznau.ch/www/de/07_history_de.php",
    addendum = "(accessed: 29.07.2019)",
    createdOn = "Unbekannt",
}